@misc{mycitation,
title={This is my citation},
howpublished={\url{https://www.mycitation.org/}},
year = {2020}
}
